@article{DBLP:journals/corr/BadrinarayananK15,
  author    = {Vijay Badrinarayanan and
               Alex Kendall and
               Roberto Cipolla},
  title     = {SegNet: {A} Deep Convolutional Encoder-Decoder Architecture for Image
               Segmentation},
  journal   = {CoRR},
  volume    = {abs/1511.00561},
  year      = {2015},
  url       = {http://arxiv.org/abs/1511.00561},
  timestamp = {Wed, 07 Jun 2017 14:40:10 +0200},
  biburl    = {http://dblp.uni-trier.de/rec/bib/journals/corr/BadrinarayananK15},
  bibsource = {dblp computer science bibliography, http://dblp.org}
}

@article{DBLP:journals/corr/KendallBC15,
  author    = {Alex Kendall and
               Vijay Badrinarayanan and
               Roberto Cipolla},
  title     = {Bayesian SegNet: Model Uncertainty in Deep Convolutional Encoder-Decoder
               Architectures for Scene Understanding},
  journal   = {CoRR},
  volume    = {abs/1511.02680},
  year      = {2015},
  url       = {http://arxiv.org/abs/1511.02680},
  timestamp = {Wed, 07 Jun 2017 14:41:27 +0200},
  biburl    = {http://dblp.uni-trier.de/rec/bib/journals/corr/KendallBC15},
  bibsource = {dblp computer science bibliography, http://dblp.org}
}

@article{tangseng2017looking,
Author        = {Pongsate Tangseng and Zhipeng Wu and Kota Yamaguchi},
Title         = {Looking at Outfit to Parse Clothing},
Eprint        = {1703.01386v1},
ArchivePrefix = {arXiv},
PrimaryClass  = {cs.CV},
Year          = {2017},
Month         = {Mar},
Url           = {http://arxiv.org/abs/1703.01386v1}
}

@misc{bagtools,
  author = { Stephan Wirth , Miquel Massot},
  title = {ROS wiki bag tools},
  howpublished = {\{\url{http://wiki.ros.org/bag_tools}\}},
  year = 2017
}

@misc{caffe-segnet-cudnn5,
  author = { Timo SÃ¤mann},
  title = {caffe-segnet-cudnn5},
  howpublished = {\{\url{https://github.com/majcote/caffe-segnet-cudnn5/tree/4307cd742b9285d1888dfe6873ff8b98ccddb649}\}},
  year = 2017
}



@misc{PointGreyDrivers,
  author = {Chad Rockey},
  title = {ROS wiki pointgrey camera driver},
  howpublished = {\{\url{http://wiki.ros.org/pointgrey_camera_driver}\}},
  year = 2017
}

@misc{srvtoolsfork,
  author = { Stephan Wirth , Miquel Massot},
  title = {majcote's GitHub fork of srv tools},
  howpublished = {\{\url{https://github.com/majcote/srv_tools/tree/indigo}\}},
  year = 2017
}


@misc{FancyPCA,
  author = {Deshana Desai},
  title = {Fancy PCA (Data Augmentation) with Scikit-Image},
  howpublished = {\{\url{https://deshanadesai.github.io/notes/Fancy-PCA-with-Scikit-Image}\}},
  year = 2016
}

@article{DBLP:journals/corr/Thoma16a,
  author    = {Martin Thoma},
  title     = {A Survey of Semantic Segmentation},
  journal   = {CoRR},
  volume    = {abs/1602.06541},
  year      = {2016},
  url       = {http://arxiv.org/abs/1602.06541},
  timestamp = {Wed, 07 Jun 2017 14:40:21 +0200},
  biburl    = {http://dblp.uni-trier.de/rec/bib/journals/corr/Thoma16a},
  bibsource = {dblp computer science bibliography, http://dblp.org}
}

@ARTICLE{4220659,
author={S. Maldonado-Bascon and S. Lafuente-Arroyo and P. Gil-Jimenez and H. Gomez-Moreno and F. Lopez-Ferreras},
journal={IEEE Transactions on Intelligent Transportation Systems},
title={Road-Sign Detection and Recognition Based on Support Vector Machines},
year={2007},
volume={8},
number={2},
pages={264-278},
keywords={object detection;object recognition;pattern classification;road traffic;support vector machines;traffic engineering computing;visual communication;Gaussian-kernel;automatic traffic-sign maintenance;content recognition;partial occlusions;road sign recognition;road-sign detection;shape classification;support vector machines;visual driver-assistance system;Gaussian processes;Layout;Psychology;Road accidents;Road vehicles;Safety;Shape;Support vector machine classification;Support vector machines;Testing;Classification;detection;hue;hue saturation intensity (HSI);road sign;support vector machines (SVMs)},
doi={10.1109/TITS.2007.895311},
ISSN={1524-9050},
month={June},}


@inproceedings{BMVC2015_109,
	title={StixelNet: A Deep Convolutional Network for Obstacle Detection and Road Segmentation},
	author={Dan Levi and Noa Garnett and Ethan Fetaya},
	year={2015},
	month={September},
	pages={109.1-109.12},
	articleno={109},
	numpages={12},
	booktitle={Proceedings of the British Machine Vision Conference (BMVC)},
	publisher={BMVA Press},
	editor={Xianghua Xie, Mark W. Jones, and Gary K. L. Tam},
	doi={10.5244/C.29.109},
	isbn={1-901725-53-7},
	url={https://dx.doi.org/10.5244/C.29.109}
}

@article{DBLP:journals/corr/SimonyanZ14a,
  author    = {Karen Simonyan and
               Andrew Zisserman},
  title     = {Very Deep Convolutional Networks for Large-Scale Image Recognition},
  journal   = {CoRR},
  volume    = {abs/1409.1556},
  year      = {2014},
  url       = {http://arxiv.org/abs/1409.1556},
  timestamp = {Wed, 07 Jun 2017 14:41:51 +0200},
  biburl    = {http://dblp.uni-trier.de/rec/bib/journals/corr/SimonyanZ14a},
  bibsource = {dblp computer science bibliography, http://dblp.org}
}

@article{DBLP:journals/corr/IoffeS15,
  author    = {Sergey Ioffe and
               Christian Szegedy},
  title     = {Batch Normalization: Accelerating Deep Network Training by Reducing
               Internal Covariate Shift},
  journal   = {CoRR},
  volume    = {abs/1502.03167},
  year      = {2015},
  url       = {http://arxiv.org/abs/1502.03167},
  timestamp = {Wed, 07 Jun 2017 14:40:49 +0200},
  biburl    = {http://dblp.uni-trier.de/rec/bib/journals/corr/IoffeS15},
  bibsource = {dblp computer science bibliography, http://dblp.org}
}

@incollection{NIPS2012_4824,
title = {ImageNet Classification with Deep Convolutional Neural Networks},
author = {Alex Krizhevsky and Sutskever, Ilya and Hinton, Geoffrey E},
booktitle = {Advances in Neural Information Processing Systems 25},
editor = {F. Pereira and C. J. C. Burges and L. Bottou and K. Q. Weinberger},
pages = {1097--1105},
year = {2012},
publisher = {Curran Associates, Inc.},
url = {http://papers.nips.cc/paper/4824-imagenet-classification-with-deep-convolutional-neural-networks.pdf}
}

@article{jia2014caffe,
  Author = {Jia, Yangqing and Shelhamer, Evan and Donahue, Jeff and Karayev, Sergey and Long, Jonathan and Girshick, Ross and Guadarrama, Sergio and Darrell, Trevor},
  Journal = {arXiv preprint arXiv:1408.5093},
  Title = {Caffe: Convolutional Architecture for Fast Feature Embedding},
  Year = {2014}
}
